{"btc_usd":[{"type":"bid","price":31350.00446402,"amount":0.00114979,"tid":205285032,"timestamp":1652626055},{"type":"bid","price":31350.00446402,"amount":0.00331776,"tid":205285031,"timestamp":1652625945},{"type":"bid","price":31350.00445402,"amount":0.00079585,"tid":205285030,"timestamp":1652625762},{"type":"ask","price":31350.00446402,"amount":0.00023245,"tid":205285029,"timestamp":1652625362},{"type":"bid","price":31833.62199001,"amount":0.00093666,"tid":205285028,"timestamp":1652623795},{"type":"ask","price":31350.00430399,"amount":0.00010123,"tid":205285027,"timestamp":1652622416},{"type":"ask","price":31350.00538399,"amount":0.00195557,"tid":205285026,"timestamp":1652622120},{"type":"ask","price":31560,"amount":0.00003864,"tid":205285025,"timestamp":1652622119},{"type":"ask","price":31560,"amount":0.00031798,"tid":205285024,"timestamp":1652622057},{"type":"ask","price":31550,"amount":0.00015601,"tid":205285023,"timestamp":1652621103},{"type":"bid","price":31833.62808001,"amount":0.00012484,"tid":205285022,"timestamp":1652620320},{"type":"bid","price":31833.62860001,"amount":0.00087944,"tid":205285021,"timestamp":1652620017},{"type":"bid","price":31833.62904001,"amount":0.00026009,"tid":205285020,"timestamp":1652619762},{"type":"bid","price":31833.62917001,"amount":0.00010427,"tid":205285019,"timestamp":1652619677},{"type":"bid","price":31833.63015001,"amount":0.00033991,"tid":205285018,"timestamp":1652618854},{"type":"bid","price":31833.63104001,"amount":0.00445621,"tid":205285017,"timestamp":1652618302},{"type":"bid","price":31833.63194001,"amount":0.00013714,"tid":205285016,"timestamp":1652617141},{"type":"bid","price":31833.63194001,"amount":0.00055571,"tid":205285015,"timestamp":1652617112},{"type":"ask","price":31839.99994,"amount":0.00003141,"tid":205285014,"timestamp":1652616978},{"type":"ask","price":31839.99994001,"amount":0.00003358,"tid":205285013,"timestamp":1652616978},{"type":"ask","price":31839.99994001,"amount":0.00123474,"tid":205285012,"timestamp":1652616977},{"type":"ask","price":31839.99994,"amount":0.00075376,"tid":205285011,"timestamp":1652616953},{"type":"bid","price":31839.99999,"amount":0.00179116,"tid":205285010,"timestamp":1652616835},{"type":"bid","price":31800.00185001,"amount":0.005,"tid":205285009,"timestamp":1652616835},{"type":"bid","price":31839.99797,"amount":0.00016584,"tid":205285008,"timestamp":1652615981},{"type":"bid","price":31839.9982,"amount":0.00018225,"tid":205285007,"timestamp":1652615848},{"type":"bid","price":31839.99993,"amount":0.00328022,"tid":205285006,"timestamp":1652614870},{"type":"bid","price":31695.66085111,"amount":0.00011353,"tid":205285005,"timestamp":1652614870},{"type":"bid","price":31695.66080111,"amount":0.00028958,"tid":205285004,"timestamp":1652614805},{"type":"bid","price":31655.15081739,"amount":0.00051139,"tid":205285003,"timestamp":1652614805},{"type":"bid","price":31655.1486974,"amount":0.00010275,"tid":205285002,"timestamp":1652614805},{"type":"bid","price":31655.1494074,"amount":0.00029986,"tid":205285001,"timestamp":1652614351},{"type":"ask","price":31100.00289007,"amount":0.00010123,"tid":205285000,"timestamp":1652614194},{"type":"ask","price":31100.00275007,"amount":0.001,"tid":205284999,"timestamp":1652614104},{"type":"ask","price":31100.00274007,"amount":0.00006009,"tid":205284998,"timestamp":1652614099},{"type":"ask","price":31100.00274008,"amount":0.00024791,"tid":205284997,"timestamp":1652614099},{"type":"bid","price":31664.0017823,"amount":0.00230272,"tid":205284996,"timestamp":1652613004},{"type":"bid","price":31664.0018523,"amount":0.00064555,"tid":205284995,"timestamp":1652612957},{"type":"bid","price":31535.3,"amount":0.0003,"tid":205284994,"timestamp":1652612957},{"type":"bid","price":31529.99892,"amount":0.00135022,"tid":205284993,"timestamp":1652612709},{"type":"bid","price":31529.99922,"amount":0.00023685,"tid":205284992,"timestamp":1652612536},{"type":"ask","price":31486.96329558,"amount":0.00031577,"tid":205284991,"timestamp":1652612136},{"type":"ask","price":31486.96329558,"amount":0.00136621,"tid":205284990,"timestamp":1652612122},{"type":"ask","price":31486.96329558,"amount":0.00015913,"tid":205284989,"timestamp":1652612118},{"type":"ask","price":31486.96329558,"amount":0.00015915,"tid":205284988,"timestamp":1652612115},{"type":"ask","price":31486.96329558,"amount":0.00136621,"tid":205284987,"timestamp":1652612107},{"type":"ask","price":31486.96329558,"amount":0.00079577,"tid":205284986,"timestamp":1652612103},{"type":"ask","price":31486.96329558,"amount":0.00136621,"tid":205284985,"timestamp":1652612091},{"type":"bid","price":31486.96329558,"amount":0.00011353,"tid":205284984,"timestamp":1652612087},{"type":"ask","price":31475.38632232,"amount":0.00136621,"tid":205284983,"timestamp":1652612060},{"type":"bid","price":31475.38632232,"amount":0.00011353,"tid":205284982,"timestamp":1652612054},{"type":"bid","price":31336.68094003,"amount":0.00011353,"tid":205284981,"timestamp":1652612036},{"type":"bid","price":31305.3445976,"amount":0.00011353,"tid":205284980,"timestamp":1652611986},{"type":"bid","price":31100,"amount":0.00083956,"tid":205284979,"timestamp":1652611903},{"type":"bid","price":31100,"amount":0.00016044,"tid":205284978,"timestamp":1652611641},{"type":"bid","price":31249.99756,"amount":0.000495,"tid":205284977,"timestamp":1652611135},{"type":"bid","price":31000.00014013,"amount":0.00051856,"tid":205284976,"timestamp":1652611108},{"type":"bid","price":31000.00014013,"amount":0.00016088,"tid":205284975,"timestamp":1652610987},{"type":"bid","price":31000.00014013,"amount":0.00335204,"tid":205284974,"timestamp":1652610949},{"type":"bid","price":31000.00014013,"amount":0.00334604,"tid":205284973,"timestamp":1652610930},{"type":"bid","price":31000.00014013,"amount":0.00333724,"tid":205284972,"timestamp":1652610910},{"type":"bid","price":31000.00014013,"amount":0.00332568,"tid":205284971,"timestamp":1652610894},{"type":"bid","price":31000.00014013,"amount":0.00080484,"tid":205284970,"timestamp":1652610869},{"type":"bid","price":31000.00014013,"amount":0.00032193,"tid":205284969,"timestamp":1652610858},{"type":"bid","price":31000.00014013,"amount":0.00010226,"tid":205284968,"timestamp":1652610827},{"type":"bid","price":31000.00014013,"amount":0.00586269,"tid":205284967,"timestamp":1652610807},{"type":"bid","price":31000.00014013,"amount":0.00398695,"tid":205284966,"timestamp":1652610800},{"type":"bid","price":31000.00014013,"amount":0.00647546,"tid":205284965,"timestamp":1652610799},{"type":"ask","price":31000.00014013,"amount":0.00103294,"tid":205284964,"timestamp":1652610798},{"type":"ask","price":30907.2800953,"amount":0.00010123,"tid":205284963,"timestamp":1652610406},{"type":"bid","price":30939.82822208,"amount":0.00133156,"tid":205284962,"timestamp":1652609701},{"type":"ask","price":31211.70979738,"amount":0.00130065,"tid":205284961,"timestamp":1652609698},{"type":"ask","price":31211.70979739,"amount":0.00312656,"tid":205284960,"timestamp":1652609698},{"type":"bid","price":31250,"amount":0.00095318,"tid":205284959,"timestamp":1652609608},{"type":"bid","price":31274.13321693,"amount":0.00011353,"tid":205284958,"timestamp":1652608954},{"type":"bid","price":31274.1326747,"amount":0.00011353,"tid":205284957,"timestamp":1652608954},{"type":"bid","price":31273.42199997,"amount":0.00011353,"tid":205284956,"timestamp":1652608954},{"type":"bid","price":31211.70979736,"amount":0.00006246,"tid":205284955,"timestamp":1652608914},{"type":"ask","price":30704.30495001,"amount":0.00045256,"tid":205284954,"timestamp":1652608410},{"type":"ask","price":30704.30495001,"amount":0.02272512,"tid":205284953,"timestamp":1652608410},{"type":"ask","price":30704.30383,"amount":0.00112055,"tid":205284952,"timestamp":1652607845},{"type":"ask","price":31211.70979734,"amount":0.00017209,"tid":205284951,"timestamp":1652607497},{"type":"bid","price":31211.70979734,"amount":0.00011353,"tid":205284950,"timestamp":1652606491},{"type":"ask","price":30704.30029,"amount":0.00019471,"tid":205284949,"timestamp":1652606136},{"type":"ask","price":31000.00004,"amount":0.00060341,"tid":205284948,"timestamp":1652605942},{"type":"ask","price":30704.30288,"amount":0.00060005,"tid":205284947,"timestamp":1652605801},{"type":"ask","price":30704.30177,"amount":0.00000425,"tid":205284946,"timestamp":1652605290},{"type":"ask","price":31100.36656036,"amount":0.00010459,"tid":205284945,"timestamp":1652605290},{"type":"ask","price":31175.80185278,"amount":0.00023412,"tid":205284944,"timestamp":1652605239},{"type":"bid","price":31211.70979736,"amount":0.00024388,"tid":205284943,"timestamp":1652605001},{"type":"ask","price":31211.70979736,"amount":0.00020044,"tid":205284942,"timestamp":1652604943},{"type":"ask","price":31211.70979736,"amount":0.00020044,"tid":205284941,"timestamp":1652604943},{"type":"ask","price":31305.34492676,"amount":0.00012302,"tid":205284940,"timestamp":1652604649},{"type":"bid","price":31535.29264161,"amount":0.00061329,"tid":205284939,"timestamp":1652603668},{"type":"bid","price":31535.29288161,"amount":0.00148016,"tid":205284938,"timestamp":1652603532},{"type":"bid","price":31535.29262937,"amount":0.00011353,"tid":205284937,"timestamp":1652603526},{"type":"ask","price":31305.347013,"amount":0.00012357,"tid":205284936,"timestamp":1652599978},{"type":"ask","price":31399.26209834,"amount":0.00022001,"tid":205284935,"timestamp":1652599521},{"type":"ask","price":31150.00149001,"amount":0.00011,"tid":205284934,"timestamp":1652596123},{"type":"ask","price":31150.00149001,"amount":0.00048294,"tid":205284933,"timestamp":1652596122},{"type":"bid","price":31527.28141039,"amount":0.00073115,"tid":205284932,"timestamp":1652592997},{"type":"bid","price":31520,"amount":0.00010322,"tid":205284931,"timestamp":1652592997},{"type":"bid","price":31520,"amount":0.0001003,"tid":205284930,"timestamp":1652592997},{"type":"bid","price":31527.28389039,"amount":0.00031876,"tid":205284929,"timestamp":1652591544},{"type":"bid","price":31527.28393039,"amount":0.00041376,"tid":205284928,"timestamp":1652591523},{"type":"bid","price":31493.2523533,"amount":0.00023314,"tid":205284927,"timestamp":1652591523},{"type":"ask","price":31057.68246356,"amount":0.00173573,"tid":205284926,"timestamp":1652590170},{"type":"ask","price":31057.68237356,"amount":0.00017597,"tid":205284925,"timestamp":1652590129},{"type":"ask","price":31057.68159356,"amount":0.00006318,"tid":205284924,"timestamp":1652589740},{"type":"ask","price":31150.85435763,"amount":0.00010302,"tid":205284923,"timestamp":1652589740},{"type":"ask","price":31150.85305762,"amount":0.00222939,"tid":205284922,"timestamp":1652588884},{"type":"ask","price":31150.85139762,"amount":0.00004458,"tid":205284921,"timestamp":1652588093},{"type":"ask","price":31244.22001764,"amount":0.0001011,"tid":205284920,"timestamp":1652588093},{"type":"ask","price":31244.3,"amount":0.0003,"tid":205284919,"timestamp":1652588093},{"type":"ask","price":31630.3,"amount":0.00251375,"tid":205284918,"timestamp":1652585438},{"type":"bid","price":31630.3,"amount":0.0003,"tid":205284917,"timestamp":1652585426},{"type":"ask","price":31578,"amount":0.00102919,"tid":205284916,"timestamp":1652584892},{"type":"bid","price":31469.0614769,"amount":0.00039609,"tid":205284915,"timestamp":1652584818},{"type":"bid","price":31578.59997999,"amount":0.00164,"tid":205284914,"timestamp":1652580720},{"type":"ask","price":31840.8,"amount":0.00312395,"tid":205284913,"timestamp":1652574859},{"type":"bid","price":31840.8,"amount":0.0003,"tid":205284912,"timestamp":1652574859},{"type":"ask","price":31840.8,"amount":0.00149713,"tid":205284911,"timestamp":1652574229},{"type":"bid","price":31840.8,"amount":0.0003,"tid":205284910,"timestamp":1652574229},{"type":"ask","price":31506.99018002,"amount":0.00002953,"tid":205284909,"timestamp":1652573446},{"type":"ask","price":31506.99018002,"amount":0.00022,"tid":205284908,"timestamp":1652573178},{"type":"ask","price":31507,"amount":0.00023941,"tid":205284907,"timestamp":1652572835},{"type":"ask","price":31507,"amount":0.00023921,"tid":205284906,"timestamp":1652572811},{"type":"ask","price":31507,"amount":0.00016216,"tid":205284905,"timestamp":1652572264},{"type":"ask","price":31507,"amount":0.00015976,"tid":205284904,"timestamp":1652572041},{"type":"bid","price":31804.99987999,"amount":0.00293776,"tid":205284903,"timestamp":1652571570},{"type":"bid","price":31804.9,"amount":0.0003,"tid":205284902,"timestamp":1652571570},{"type":"ask","price":31507,"amount":0.00008204,"tid":205284901,"timestamp":1652571351},{"type":"ask","price":31586.41364162,"amount":0.00001916,"tid":205284900,"timestamp":1652571351},{"type":"bid","price":31804.99933,"amount":0.00201243,"tid":205284899,"timestamp":1652571268},{"type":"bid","price":31804.9,"amount":0.0003,"tid":205284898,"timestamp":1652571268},{"type":"ask","price":31586.41364162,"amount":0.00031737,"tid":205284897,"timestamp":1652570930},{"type":"bid","price":31630.1309013,"amount":0.00018511,"tid":205284896,"timestamp":1652570930},{"type":"bid","price":31630.1309013,"amount":0.00033609,"tid":205284895,"timestamp":1652570919},{"type":"ask","price":31506.99025002,"amount":0.00001857,"tid":205284894,"timestamp":1652570243},{"type":"ask","price":31507,"amount":0.0003,"tid":205284893,"timestamp":1652570243},{"type":"ask","price":31507,"amount":0.00011418,"tid":205284892,"timestamp":1652569850},{"type":"bid","price":31507,"amount":0.00154218,"tid":205284891,"timestamp":1652569445},{"type":"bid","price":31507,"amount":0.0003,"tid":205284890,"timestamp":1652569438},{"type":"ask","price":31507,"amount":0.0003,"tid":205284889,"timestamp":1652569398},{"type":"ask","price":31507,"amount":0.00015999,"tid":205284888,"timestamp":1652569269},{"type":"ask","price":31506.99017,"amount":0.00032599,"tid":205284887,"timestamp":1652569183},{"type":"ask","price":31919.1919192,"amount":0.00326335,"tid":205284886,"timestamp":1652569175},{"type":"bid","price":31807.930476,"amount":0.0008551,"tid":205284885,"timestamp":1652569175},{"type":"bid","price":31800,"amount":0.0001,"tid":205284884,"timestamp":1652569175},{"type":"bid","price":31752.50215421,"amount":0.00011541,"tid":205284883,"timestamp":1652569175}]}